% This file was created with JabRef 2.9.2.
% Encoding: ISO8859_1

@ARTICLE{albert-chib-1993,
  author = {James H. Albert and Siddhartha Chib},
  title = {Bayesian Analysis of Binary and Polychotomous Response Data},
  journal = {Journal of the American Statistical Association},
  year = {1993},
  volume = {88},
  pages = {669-679},
  number = {422},
  month = {June},
  owner = {jwindle},
  timestamp = {2012.08.20}
}

@ARTICLE{andrews-mallows-1974,
  author = {D. F. Andrews and C.L. Mallows},
  title = {Scale mixtures of normal distributions},
  journal = {Journal of the Royal Statistical Society. Series B (Methodological)},
  year = {1974},
  volume = {36},
  pages = {99-102},
  number = {36},
  owner = {jwindle},
  timestamp = {2012.08.20}
}

@BOOK{barndorff-nielsen-1978-book,
  title = {Information and Exponential Families},
  publisher = {John Wiley \& Sons},
  year = {1978},
  author = {O. Barndorff-Nielsen},
  owner = {jwindle},
  timestamp = {2013.04.02}
}

@ARTICLE{barndorff-nielsen-cox-1979,
  author = {O. Barndorff-Nielsen and D. R. Cox},
  title = {Edgeworth and Saddle-point Approximations with Statistical Applications},
  journal = {Journal of the Royal Statistical Society. Series B (Methodological)},
  year = {1979},
  volume = {41},
  pages = {279-312},
  owner = {jwindle},
  timestamp = {2013.03.11}
}

@ARTICLE{barndorff-nielsen-etal-1982,
  author = {O. Barndorff-Nielsen and J. Kent and M. Sorensen},
  title = {Normal Variance-Mean Mixtures and z Distributions},
  journal = {International Statistical Review},
  year = {1982},
  volume = {50},
  pages = {145-159},
  owner = {jwindle},
  timestamp = {2013.02.17}
}

@MANUAL{mlmrev-2011,
  title = {mlm{R}ev: Examples from Multilevel Modelling Software Review},
  author = {Douglas Bates and Martin Maechler and Ben Bolker},
  year = {2011},
  note = {R package version 1.0-1},
  owner = {jwindle},
  timestamp = {2013.02.18},
  url = {http://CRAN.R-project.org/package=mlmRev}
}

@ARTICLE{becker-12-0922,
  author = {Jo Becker},
  title = {An {E}vangelical is Back from Exile, Lifting {R}omney},
  journal = {The New York Times},
  year = {2012},
  month = {September 22},
  organization = {The New York Times},
  owner = {jwindle},
  timestamp = {2012.09.27}
}

@ARTICLE{biane-etal-2001,
  author = {Philippe Biane and Jim Pitman and Marc Yor},
  title = {Probability laws related to the {J}acobi theta and {R}iemann zeta
	functions, and Brownian excursions},
  journal = {Bulletin of the American Mathematical Society},
  year = {2001},
  volume = {38},
  pages = {435-465},
  owner = {jwindle},
  timestamp = {2012.08.21}
}

@BOOK{billingsley-1986,
  title = {Probability and Measure},
  publisher = {John Wiley \& Sons},
  year = {1986},
  author = {Patrick Billingsley},
  edition = {Second},
  owner = {jwindle},
  timestamp = {2012.08.22}
}

@ARTICLE{bradlow-etal-2002,
  author = {Eric T. Bradlow and Bruce G. S. Hardie and Peter S. Fader},
  title = {{B}ayesian Inference for the Negative Binomial Distribution via Polynomial
	Expansion},
  journal = {Journal of Computational and Graphical Statistics},
  year = {2002},
  volume = {11},
  pages = {189--201},
  number = {1},
  date-added = {2012-05-30 22:47:37 -0500},
  date-modified = {2012-05-30 22:47:37 -0500},
  owner = {jwindle},
  timestamp = {2013.09.17}
}

@BOOK{butler-2007-book,
  title = {Saddlepoint Approximations with Applications},
  publisher = {Cambridge University Press},
  year = {2007},
  author = {Ronald W. Butler},
  owner = {jwindle},
  timestamp = {2013.03.24}
}

@MANUAL{boot-2012,
  title = {boot: Bootstrap {R} ({S}-Plus) Functions},
  author = {Angelo Canty and Brian Ripley},
  edition = {1.3-4},
  year = {2012},
  owner = {jwindle},
  timestamp = {2013.02.18}
}

@ARTICLE{carlin-etal-1992,
  author = {Bradley P. Carlin and Nicholas G. Polson and David S. Stoffer},
  title = {A {M}onte {C}arlo Approach to Nonnormal and Nonlinear State-Space
	Modeling},
  journal = {Journal of the American Statistical Association},
  year = {1992},
  volume = {87},
  pages = {493-500},
  owner = {jwindle},
  timestamp = {2013.02.08}
}

@ARTICLE{carlin-1992,
  author = {Carlin, J.},
  title = {Meta-Analysis for $2 \times 2$ Tables: a {B}ayesian Approach},
  journal = {Statistics in Medicine},
  year = {1992},
  volume = {11},
  pages = {141--58},
  number = {2},
  date-added = {2011-09-15 11:45:36 -0500},
  date-modified = {2011-09-15 11:46:20 -0500},
  owner = {jwindle},
  timestamp = {2013.09.17}
}

@ARTICLE{carter-kohn-1994,
  author = {C. K. Carter and R. Kohn},
  title = {On Gibbs Sampling for State Space Models},
  journal = {Biometrika},
  year = {1994},
  volume = {81},
  pages = {541-533},
  owner = {jwindle},
  timestamp = {2013.02.08}
}

@BOOK{casella-berger-2002-book,
  title = {Statistical Inference},
  publisher = {Duxbury Advanced Series},
  year = {2002},
  author = {George Casella and Roger L. Berger},
  owner = {jwindle},
  timestamp = {2013.03.23}
}

@ARTICLE{chib-greenberg-1998,
  author = {Siddharth Chib and Edward Greenberg},
  title = {Analysis of multivariate probit models},
  journal = {Biometrika},
  year = {1998},
  volume = {85},
  pages = {347-361},
  owner = {jwindle},
  timestamp = {2012.09.03}
}

@ARTICLE{chib-jeliazkov-2006,
  author = {Siddhartha Chib and Ivan Jeliazkov},
  title = {Inference in Semiparametric Dynamic Models for Binary Longitudinal
	data},
  journal = {Journal of the American Statistical Association},
  year = {2006},
  volume = {101},
  pages = {685-700},
  number = {474},
  owner = {jwindle},
  timestamp = {2012.08.03}
}

@MANUAL{epicalc-2012,
  title = {epicalc: Epidemiological calculator},
  author = {Virasakdi Chongsuvivatwong},
  year = {2012},
  note = {R package version 2.15.1.0},
  url = {http://CRAN.R-project.org/package=epicalc}
}

@BOOK{christensen-book-2001,
  title = {Plane Answers to Complex Questions},
  publisher = {Springer},
  year = {2002},
  author = {Ronald Christensen},
  owner = {jwindle},
  timestamp = {2013.07.29}
}

@BOOK{churchill-1984-book,
  title = {Complex Variables and Applications},
  publisher = {McGraw-Hill},
  year = {1984},
  author = {Ruel V. Churchill and James Ward Brown},
  owner = {jwindle},
  timestamp = {2013.03.31}
}

@ARTICLE{ciesielski-taylor-1962,
  author = {Z. Ciesielski and S. J. Taylor},
  title = {First passage times and sojourn density for {B}rownian motion in
	space and the exact {H}ausdorff measure of the sample path},
  journal = {Trans. Amer. Math. Soc.},
  year = {1962},
  volume = {103},
  pages = {434-450},
  owner = {jwindle},
  timestamp = {2013.03.10}
}

@ARTICLE{dagpunar-1978,
  author = {J.S. Dagpunar},
  title = {Sampling of variates from a truncated gamma distribution},
  journal = {Journal of Statistical Computation and Simulation},
  year = {1978},
  volume = {8},
  pages = {59-64},
  owner = {jwindle},
  timestamp = {2013.03.27}
}

@ARTICLE{daniels-1954,
  author = {H. E. Daniels},
  title = {Saddlepoint Approximations in Statistics},
  journal = {Annals of Mathematical Statistics},
  year = {1954},
  volume = {25},
  pages = {631-650},
  owner = {jwindle},
  timestamp = {2013.03.11}
}

@ARTICLE{dellaportas-forster-1999,
  author = {P. Dellaportas and J. J. Forster},
  title = {Markov Chain {M}onte {C}arlo Model Determination for Hierarchical
	and Graphical Log-Linear Models},
  journal = {Biometrika},
  year = {1999},
  volume = {86},
  pages = {615-633},
  date-added = {2012-05-30 22:47:37 -0500},
  date-modified = {2012-05-30 22:47:37 -0500},
  owner = {jwindle},
  timestamp = {2013.09.17}
}

@ARTICLE{dempster-etal-1977,
  author = {A. P. Dempster and N. M. Laird and D. B. Rubin},
  title = {Maximum likelihood from incomplete data via the {EM} algorithm},
  journal = {Journal of the Royal Statistical Society. Series B (Methodological)},
  year = {1977},
  volume = {39},
  pages = {1-38},
  owner = {jwindle},
  timestamp = {2012.08.02}
}

@UNPUBLISHED{devroye-2012,
  author = {Luc Devroye},
  title = {Random variate generation for the generalized inverse gaussian distribution},
  note = {Available on Devroye's website.},
  month = {November},
  year = {2012},
  owner = {jwindle},
  timestamp = {2013.03.11},
  url = {http://luc.devroye.org/devs.html}
}

@ARTICLE{devroye-2009,
  author = {Luc Devroye},
  title = {On exact simulation algorithms for some distributions related to
	{J}acobi theta functions},
  journal = {Statistics \& Probability Letters},
  year = {2009},
  volume = {79},
  pages = {2251-2259},
  owner = {jwindle},
  timestamp = {2012.06.13}
}

@BOOK{devroye-1986,
  title = {Non-uniform random variate generation},
  publisher = {Springer-Verlag},
  year = {1986},
  author = {Luc Devroye},
  owner = {jwindle},
  timestamp = {2012.08.20}
}

@ARTICLE{dobra-tebaldi-west-2006,
  author = {Dobra, Adrian and Tebaldi, C. and West, Mike},
  title = {Data augmentation in multi-way contingency tables with fixed marginal
	totals},
  journal = {Journal of Statistical Planning and Inference},
  year = {2006},
  volume = {136},
  pages = {355-72},
  number = {2},
  date-added = {2012-05-30 22:47:37 -0500},
  date-modified = {2012-05-30 22:47:37 -0500},
  owner = {jwindle},
  timestamp = {2013.09.17}
}

@TECHREPORT{forster-2011,
  author = {Forster, J.},
  title = {Bayesian Inference for {P}oisson and Multinomial Log-linear Models},
  institution = {University of Southampton},
  year = {2010},
  date-added = {2012-05-30 22:47:37 -0500},
  date-modified = {2012-05-30 22:47:37 -0500},
  owner = {jwindle},
  timestamp = {2013.09.17}
}

@BOOK{fruhwirth-schnatter-book-2007,
  title = {Finite Mixture and Markov Switch Models},
  publisher = {Springer},
  year = {2007},
  author = {Sylvia Fr\"{u}hwirth-Schnatter},
  owner = {jwindle},
  timestamp = {2013.02.18}
}

@ARTICLE{fruhwirth-schnatter-1994,
  author = {Silvia Fr\"{u}hwirth-Schnatter},
  title = {Data Augmentation and Dynamic Linear Models},
  journal = {Journal of Time Series Analysis},
  year = {1994},
  volume = {15},
  pages = {183-202},
  owner = {jwindle},
  timestamp = {2013.02.08}
}

@INCOLLECTION{fruhwirth-schnatter-fruhwirth-2010,
  author = {Sylvia Fr\"{u}hwirth-Schnatter and Rudolf Fr\"{u}hwirth},
  title = {Data Augmentation and {MCMC} for Binary and Multinomial Logit Models},
  booktitle = {Statistical Modelling and Regression Structures},
  publisher = {Springer-Verlag},
  year = {2010},
  pages = {111-132},
  note = {Available from UT library online.},
  owner = {jwindle},
  timestamp = {2012.08.03}
}

@ARTICLE{fruhwirth-schnatter-fruhwirth-2007,
  author = {Sylvia Fr\"{u}hwirth-Schnatter and Rudolf Fr\"{u}hwirth},
  title = {Auxiliary Mixture Sampling with Applications to Logistic Models},
  journal = {Computational Statistics and Data Analysis},
  year = {2007},
  volume = {51},
  pages = {3509-3528},
  owner = {jwindle},
  timestamp = {2012.06.13}
}

@ARTICLE{fruhwirth-schnatter-etal-2009,
  author = {Sylvia Fr\"{u}hwirth-Schnatter and Rudolf Fr\"{u}hwirth and Leonhard
	Held and H\o{a}vard Rue},
  title = {Improved Auxiliary Mixture Sampling for Hierarchical Models of Non-{G}aussian
	Data},
  journal = {Statistics and Computing},
  year = {2009},
  volume = {19},
  pages = {479-492},
  owner = {jwindle},
  timestamp = {2012.08.03}
}

@ARTICLE{fruhwirth-schnatter-wagner-2008,
  author = {Sylvia Fr\"{u}hwirth-Schnatter and Helga Wagner},
  title = {Marginal Likelihoods for non-{G}uassian Models Using Auxiliary Mixture
	Sampling},
  journal = {Computational Statistics and Data Analysis},
  year = {2008},
  volume = {52},
  pages = {4608-4624},
  owner = {jwindle},
  timestamp = {2012.08.03}
}

@ARTICLE{fruhwirth-schnatter-wagner-2006,
  author = {Sylvia Fr\"{u}hwirth-Schnatter and Helga Wagner},
  title = {Auxiliary Mixture Sampling for Parameter-Driven Models of Time Series
	of Counts with Applicatiosn to State Space Models},
  journal = {Biometrika},
  year = {2006},
  volume = {93},
  pages = {827-841},
  number = {4},
  owner = {jwindle},
  timestamp = {2012.08.03}
}

@MANUAL{binomlogit-2012,
  title = {binomlogit: Efficient {MCMC} for Binomial Logit Models},
  author = {Agnes Fussl},
  year = {2012},
  note = {{R} package},
  url = {http://CRAN.R-project.org/package=binomlogit}
}

@ARTICLE{fussl-etal-2013,
  author = {Fussl, Agnes and Fr\"{u}hwirth-Schnatter, Sylvia and Fr\"{u}hwirth,
	Rudolf},
  title = {Efficient {MCMC} for Binomial Logit Models},
  journal = {ACM Trans. Model. Comput. Simul.},
  year = {2013},
  volume = {23},
  pages = {3:1--3:21},
  number = {1},
  month = jan,
  acmid = {2414419},
  address = {New York, NY, USA},
  articleno = {3},
  doi = {10.1145/2414416.2414419},
  issn = {1049-3301},
  issue_date = {January 2013},
  keywords = {Binomial data, Markov chain Monte Carlo, data augmentation, logit
	model, random utility model},
  numpages = {21},
  owner = {jwindle},
  publisher = {ACM},
  timestamp = {2013.01.22},
  url = {http://doi.acm.org/10.1145/2414416.2414419}
}

@ELECTRONIC{fussl-etal-2011-slides,
  author = {Agnes Fussl and Sylvia Fr\"{u}hwirth-Schnatter and Rudolf Fr\"{u}hwirth},
  month = {September},
  year = {2011},
  title = {Efficient {MCMC} Estimation of Binomial Logit Models},
  url = {http://www.stat.tugraz.at/Statistiktage2011/PFussl.pdf},
  owner = {jwindle},
  timestamp = {2013.01.22}
}

@ARTICLE{gamerman-1998,
  author = {Dani Gamerman},
  title = {Markov Chain Monte Carlo for Dynamic Generalised Linear Models},
  journal = {Biometrika},
  year = {1998},
  volume = {85},
  pages = {215-227},
  number = {1},
  month = {March},
  owner = {jwindle},
  timestamp = {2013.02.08}
}

@ARTICLE{gamerman-1997,
  author = {Dani Gamerman},
  title = {Sampling from the Posterior Distribution in Generalized Linear Mixed
	Models},
  journal = {Statistics and Computing},
  year = {1997},
  volume = {7},
  pages = {57-68},
  owner = {jwindle},
  timestamp = {2013.02.08}
}

@BOOK{gelman-hill-2006,
  title = {Data Analysis Using Regression and Multilevel/Hierarchical Models},
  publisher = {Cambridge University Press},
  year = {2006},
  author = {Andrew Gelman and Jennifer Hill},
  owner = {jwindle},
  timestamp = {2013.02.18}
}

@ARTICLE{gelman-etal-2008,
  author = {Gelman, Andrew and Jakulin, Aleks and Pittau, M.G. and Su, Y.},
  title = {A Weakly Informative Default Prior Distribution For Logistic and
	Other Regression Models},
  journal = {The Annals of Applied Statistics},
  year = {2008},
  volume = {2},
  pages = {1360--83},
  number = {4},
  date-added = {2012-05-30 22:47:37 -0500},
  date-modified = {2012-05-30 22:47:37 -0500},
  owner = {jwindle},
  timestamp = {2013.09.17}
}

@UNPUBLISHED{geweke-etal-2013,
  author = {John Geweke and Garland Durham and Huaxin Xu},
  title = {Bayesian Inference for Logistic Regression Models Using Sequential
	Posterior Simulation},
  note = {available on arXiv},
  month = {April},
  year = {2013},
  organization = {arXiv},
  owner = {jwindle},
  timestamp = {2013.07.29},
  url = {http://arxiv.org/abs/1304.4333}
}

@ARTICLE{geweke-tanizaki-2001,
  author = {John Geweke and Hisashi Tanizaki},
  title = {{B}ayesian Estimation of State-Space Models Using the {M}etropolis-{H}astings
	Algorithm wtihin {G}ibbs sampling},
  journal = {Computational Statistics and Data Analysis},
  year = {2001},
  volume = {37},
  pages = {151-170},
  owner = {jwindle},
  timestamp = {2013.02.08}
}

@ARTICLE{geyer-1992,
  author = {Charles J. Geyer},
  title = {Practical Markov Chain Monte Carlo},
  journal = {Statistical Science},
  year = {1992},
  volume = {7},
  pages = {473-511},
  number = {4},
  owner = {jwindle},
  timestamp = {2012.08.03}
}

@ARTICLE{godsill-etal-2004,
  author = {Simon J. Godsill and Arnaud Doucet and Mike West},
  title = {Monte Carlos Smoothing for Nonlinear Time Series},
  journal = {Journal of the American Statistical Association},
  year = {2004},
  volume = {99},
  pages = {156-168},
  owner = {jwindle},
  timestamp = {2013.02.09}
}

@MANUAL{reglogit-2012,
  title = {reglogit: Simulation-based Regularized Logistic Regression},
  author = {Robert B. Gramacy},
  year = {2012},
  note = {R package version 1.1},
  url = {http://CRAN.R-project.org/package=reglogit}
}

@ARTICLE{gramacy-polson-2012,
  author = {Robert B. Gramacy and Nicholas G. Polson},
  title = {Simulation-based Regularized Logistic Regression},
  journal = {Bayesian Analysis},
  year = {2012},
  volume = {7},
  pages = {567-590},
  owner = {jwindle},
  timestamp = {2012.12.18}
}

@TECHREPORT{hahn-etal-2010,
  author = {P. Richard Hahn and Carlos M. Carvalho and James G. Scott},
  title = {A Sparse Factor-Analytic Probit Model for Congressional Voting Patterns},
  institution = {Duke},
  year = {2010},
  owner = {jwindle},
  timestamp = {2012.08.03}
}

@BOOK{harrison-west-1997,
  title = {Bayesian Forecasting and Dynamic Models},
  publisher = {Springer Verlag},
  year = {1997},
  author = {Jeff Harrison and Mike West},
  owner = {jwindle},
  timestamp = {2011.05.14}
}

@ARTICLE{holmes-held-2006,
  author = {Chris C. Holmes and Leonhard Held},
  title = {Bayesian Auxiliary Variable Models for Binary and Multinomial Regression},
  journal = {Bayesian Analysis},
  year = {2006},
  volume = {1},
  pages = {145-168},
  number = {1},
  owner = {jwindle},
  timestamp = {2012.06.13}
}

@BOOK{jensen-1995-book,
  title = {Saddlepoint Approximations},
  publisher = {Oxford Science Publications},
  year = {1995},
  author = {Jens Ledet Jensen},
  owner = {jwindle},
  timestamp = {2013.03.22}
}

@ARTICLE{kent-1980,
  author = {John T. Kent},
  title = {Eigenvalue Expansions for Diffusion Hitting Times},
  journal = {Z. Wahrscheinlichkeitstheorie verw. Gebiete},
  year = {1980},
  volume = {52},
  pages = {309-319},
  owner = {jwindle},
  timestamp = {2013.02.17}
}

@ARTICLE{kitagawa-1987,
  author = {Genshiro Kitagawa},
  title = {Non-{G}aussian State-Space Modeling of Nonstationary Time Series},
  journal = {Journal of the American Statistical Association},
  year = {1987},
  volume = {82},
  pages = {1032-1041},
  owner = {jwindle},
  timestamp = {2013.03.23}
}

@ARTICLE{lindley-smith-1972,
  author = {D. V. Lindley and A. F. M. Smith},
  title = {Bayes Estimates for the Linear Model},
  journal = {Journal of the Royal Statistical Society. Series B (Methodological)},
  year = {1972},
  volume = {34},
  pages = {1-41},
  number = {1},
  owner = {jwindle},
  timestamp = {2013.07.05}
}

@ARTICLE{lugannani-rice-1980,
  author = {Robert Lugannani and Stephen Rice},
  title = {Saddle Point Approximations for the Distribution of the Sum of Independent
	Random Variables},
  journal = {Applied Probability},
  year = {1980},
  volume = {12},
  pages = {475-490},
  owner = {jwindle},
  timestamp = {2013.03.24}
}

@ELECTRONIC{data:australian-credit,
  author = {{Machine Learning Repository}},
  year = {2012},
  title = {Statlog (Australian Credit Approval) Data Set},
  organization = {Center for Machine Learning and Intelligent Systems, University of
	California Irvine},
  url = {http://archive.ics.uci.edu/ml/datasets/Statlog+(Australian+Credit+Approval)},
  owner = {jwindle},
  timestamp = {2013.03.30}
}

@ELECTRONIC{data:german-credit,
  author = {{Machine Learning Repository}},
  year = {2012},
  title = {Statlog (German Credit Data) Data Set},
  organization = {Center for Machine Learning and Intelligent Systems, University of
	California Irvine},
  url = {http://archive.ics.uci.edu/ml/datasets/Statlog+(German+Credit+Data)},
  owner = {jwindle},
  timestamp = {2013.03.30}
}

@ELECTRONIC{data:heart,
  author = {{Machine Learning Repository}},
  year = {2012},
  title = {Statlog (Heart) Data Set},
  organization = {Center for Machine Learning and Intelligent Systems, University of
	California Irvine},
  url = {http://archive.ics.uci.edu/ml/datasets/Statlog+(Heart)},
  owner = {jwindle},
  timestamp = {2013.03.30}
}

@ELECTRONIC{data:pima,
  author = {{Machine Learning Repository}},
  year = {2012},
  title = {Pima Indians Diabetes Data Set},
  organization = {Center for Machine Learning and Intelligent Systems, University of
	California Irvine},
  url = {http://archive.ics.uci.edu/ml/datasets/Pima+Indians+Diabetes},
  owner = {jwindle},
  timestamp = {2013.03.30}
}

@ARTICLE{mariano-tanizaki-1995,
  author = {Roberto S. Mariano and Hisashi Tanizaki},
  title = {Prediction of final data with use of preliminary and/or revised data},
  journal = {Journal of Forecasting},
  year = {1995},
  volume = {14},
  pages = {351-380},
  owner = {jwindle},
  timestamp = {2013.02.08}
}

@ARTICLE{mcmcpack-2011,
  author = {Andrew D. Martin and Kevin M. Quinn and Jong Hee Park},
  title = {{MCMC}pack: {M}arkov Chain {M}onte {C}arlo in R},
  journal = {Journal of Statistical Software},
  year = {2011},
  volume = {42},
  pages = {1--21},
  number = {9},
  date-added = {2012-05-30 22:47:37 -0500},
  date-modified = {2012-05-30 22:47:37 -0500},
  owner = {jwindle},
  timestamp = {2013.09.17}
}

@BOOK{mccullagh-nelder-1989,
  title = {Generalized Linear Models},
  publisher = {Chapman and Hall},
  year = {1989},
  author = {P. McCullagh and J. A. Nelder},
  owner = {jwindle},
  timestamp = {2013.02.07}
}

@ARTICLE{mcfadden-1974,
  author = {Daniel McFadden},
  title = {The Measurement of Urban Travel Demand},
  journal = {Journal of Public Economics},
  year = {1974},
  volume = {3},
  pages = {303-328},
  owner = {jwindle},
  timestamp = {2012.08.20}
}

@TECHREPORT{mcleish-2010,
  author = {Don McLeish},
  title = {Simulating random variables using moment generating functions and
	saddlepoint approximations},
  institution = {University of Waterloo},
  year = {2010},
  owner = {jwindle},
  timestamp = {2013.03.24}
}

@ARTICLE{migon-etal-2013,
  author = {Helio S. Migon and Alexandra M. Schmidt and Romy R. Ravines and Jo\-{o}a
	B. M. Pereira},
  title = {An Efficient Sampling Scheme for Generalized Dynamic Models},
  journal = {Computational Statistics},
  year = {2013},
  note = {Unassigned to an issue, first published March.},
  doi = {10.1007/s00180-013-0406-9},
  owner = {jwindle},
  timestamp = {2012.09.04}
}

@ARTICLE{ravines-etal-2006,
  author = {Helio S. Migon and Alexandra M. Schmidt and Romy R. Ravines and Jo\-{o}a
	B. M. Pereira},
  title = {An Efficient Sampling Scheme for Generalized Dynamic Models},
  journal = {Computational Statistics},
  year = {2013},
  note = {Unassigned to an issue, first published March.},
  doi = {10.1007/s00180-013-0406-9},
  owner = {jwindle},
  timestamp = {2012.09.04}
}

@BOOK{murray-1974-book,
  title = {Asymptotic Analysis},
  publisher = {Clarendon Press},
  year = {1974},
  author = {J.D. Murray},
  owner = {jwindle},
  timestamp = {2013.03.24}
}

@ARTICLE{obrien-dunson-2004,
  author = {Sean M. O'Brien and David B. Dunson},
  title = {Bayesian Multivariate Logistic Regression},
  journal = {Biometrics},
  year = {2004},
  volume = {60},
  pages = {739-746},
  owner = {jwindle},
  timestamp = {2012.09.05}
}

@BOOK{pennisi-1976-book,
  title = {Elements of Complex Variables},
  publisher = {Holt, Rinehart and Winston},
  year = {1976},
  author = {Louis L. Pennisi},
  owner = {jwindle},
  timestamp = {2013.03.31}
}

@ARTICLE{philippe-1997,
  author = {Anne Philippe},
  title = {Simulation of right and left truncated gamma distributions by mixtures},
  journal = {Statistics and Computing},
  year = {1997},
  volume = {7},
  pages = {173-181},
  owner = {jwindle},
  timestamp = {2013.03.01}
}

@ARTICLE{coda-2006,
  author = {Martyn Plummer and Nicky Best and Kate Cowles and Karen Vines},
  title = {{CODA}: Convergence Diagnosis and Output Analysis for {MCMC}},
  journal = {R News},
  year = {2006},
  volume = {6},
  pages = {7-11},
  number = {1},
  owner = {jwindle},
  pdf = {http://CRAN.R-project.org/doc/Rnews/Rnews_2006-1.pdf},
  timestamp = {2013.02.18},
  url = {http://CRAN.R-project.org/doc/Rnews/}
}

@MANUAL{bayeslogit-2013,
  title = {BayesLogit},
  author = {Nicholas G. Polson and James G. Scott and Jesse Windle},
  month = {March},
  year = {2013},
  note = {{R} package for simulating {P}olya-{G}amma random variates.},
  owner = {jwindle},
  timestamp = {2013.04.25},
  url = {http://cran.r-project.org/web/packages/BayesLogit/index.html}
}

@UNPUBLISHED{polson-etal-2013,
  author = {Nicholas G. Polson and James G. Scott and Jesse Windle},
  title = {Bayesian Inference for Logistic Models using {P\'{o}lya}-Gamma Latent
	Variables},
  note = {accepted to {JASA}},
  month = {February},
  year = {2013},
  owner = {jwindle},
  timestamp = {2012.07.10},
  url = {http://arxiv.org/abs/1205.0310}
}

@ELECTRONIC{polson-etal-2012,
  author = {Nicholas G. Polson and James G. Scott and Jesse Windle},
  month = {May},
  year = {2012},
  title = {Bayesian inference for logistic models using {P\'{o}lya}-Gamma latent
	variables},
  url = {http://arxiv.org/abs/1205.0310},
  owner = {jwindle},
  timestamp = {2012.07.10}
}

@BOOK{rasmussen-williams-2006,
  title = {Gaussian Processes for Machine Learning},
  publisher = {MIT Press},
  year = {2006},
  author = {Carl Edward Rasmussen and Chris Williams},
  owner = {jwindle},
  timestamp = {2012.08.28}
}

@BOOK{robert-casella-2005-book,
  title = {{M}onte {C}arlo Statistical Methods},
  publisher = {Springer},
  year = {2005},
  author = {Christian P. Robert and George Casella},
  owner = {jwindle},
  timestamp = {2013.03.22}
}

@MANUAL{bayesm-2012,
  title = {bayesm: Bayesian Inference for Marketing/Micro-econometrics},
  author = {Peter E. Rossi},
  year = {2012},
  note = {R package version 2.2-5},
  url = {http://CRAN.R-project.org/package=bayesm}
}

@BOOK{rossi-etal-2005,
  title = {Bayesian Statistics and Marketing},
  publisher = {John Wiley \& Sons},
  year = {2005},
  author = {Peter E. Rossi and Greg M. Allenby and Robert McCulloch},
  owner = {jwindle},
  timestamp = {2012.12.18}
}

@ARTICLE{scott-2011,
  author = {Steven L. Scott},
  title = {Data augmentation, frequentist estimation, and the Bayesian analysis
	of multinomial logit models},
  journal = {Statistical Papers},
  year = {2011},
  volume = {52},
  pages = {87-109},
  owner = {jwindle},
  timestamp = {2012.08.20}
}

@BOOK{sheshardi-1993,
  title = {The Inverse Gaussian Distribution},
  publisher = {Oxford Science Publications},
  year = {1993},
  author = {V. Seshardi},
  owner = {jwindle},
  timestamp = {2013.02.13}
}

@ARTICLE{shephard-pitt-1997,
  author = {Neil Shephard and Michael K. Pitt},
  title = {Likelihood Analysis of Non-{G}aussian Measurement Time Series},
  journal = {Biometrika},
  year = {1997},
  volume = {84},
  pages = {653-667},
  owner = {jwindle},
  timestamp = {2013.02.08}
}

@ARTICLE{skene-wakefield-1990,
  author = {Skene, A.M. and Wakefield, J. C.},
  title = {Hierarchical models for multi-centre binary response studies},
  journal = {Statistics in Medicine},
  year = {1990},
  volume = {9},
  pages = {919--29},
  date-added = {2012-05-30 22:47:37 -0500},
  date-modified = {2012-05-30 22:47:37 -0500},
  owner = {jwindle},
  timestamp = {2013.09.17}
}

@ARTICLE{stein-keblis-2009,
  author = {William E. Stein and Matthew F. Keblis},
  title = {A new method to simulate the triangular distribution},
  journal = {Mathematical and Computer Modeling},
  year = {2009},
  volume = {49},
  pages = {1143-1147},
  owner = {jwindle},
  timestamp = {2012.08.02}
}

@ARTICLE{wedderburn-1974,
  author = {R. W. M. Wedderburn},
  title = {Quasi-Likelihood Functions, Generalized Linear Models, and the {G}auss-{N}ewton
	Method},
  journal = {Biometrika},
  year = {1974},
  volume = {61},
  pages = {439-447},
  owner = {jwindle},
  timestamp = {2013.02.08}
}

@ARTICLE{west-etal-1985,
  author = {Mike West and Jeff Harrison and Helio S. Migon},
  title = {Dynamics Generalized Linear Models and {B}ayesian Forecasting},
  journal = {Journal of the American Statistical Association},
  year = {1985},
  volume = {80},
  pages = {73-83},
  number = {389},
  month = {March},
  part = {Theory and Methods},
  owner = {jwindle},
  timestamp = {2012.05.31}
}

@PHDTHESIS{windle-thesis-2013,
  author = {Jesse Windle},
  title = {Forecasting High-Dimensional Variance-Covariance Matrices with High-Frequency
	Data and Sampling P\'{o}lya-Gamma Random Variates for Posterior Distributions
	Derived from Logistic Likelihoods},
  school = {The University of Texas at Austin},
  year = {2013},
  owner = {jwindle},
  timestamp = {2013.06.21}
}

@INPROCEEDINGS{zhou-etal-2012b,
  author = {Mingyuan Zhou and Lingbo Li and David Dunson and Lawrence Carin},
  title = {Lognormal and Gamma Mixed Negative Binomial Regression},
  booktitle = {International Conference on Machine Learning},
  year = {2012},
  institution = {Duke University},
  owner = {jwindle},
  timestamp = {2013.01.28}
}

@comment{jabref-meta: selector_review:}

@comment{jabref-meta: selector_publisher:}

@comment{jabref-meta: selector_author:}

@comment{jabref-meta: selector_journal:}

@comment{jabref-meta: selector_keywords:}

